<?xml version="1.0" encoding="UTF-8"?>
  <record xmlns="http://www.loc.gov/MARC21/slim" type="Authority">
    <leader>00000nz  a2200000nc 4500</leader>
    <controlfield tag="001">129396184</controlfield>
    <controlfield tag="003">DE-101</controlfield>
    <controlfield tag="005">20080406012109.0</controlfield>
    <controlfield tag="008">040917n||aznnnaabn           | aaa    |c</controlfield>
    <datafield tag="024" ind1="7" ind2=" ">
      <subfield code="a">129396184</subfield>
      <subfield code="0">http://d-nb.info/gnd/129396184</subfield>
      <subfield code="2">gnd</subfield>
    </datafield>
    <datafield tag="035" ind1=" " ind2=" ">
      <subfield code="a">(DE-101)129396184</subfield>
    </datafield>
    <datafield tag="035" ind1=" " ind2=" ">
      <subfield code="a">(DE-588)129396184</subfield>
    </datafield>
    <datafield tag="035" ind1=" " ind2=" ">
      <subfield code="z">(DE-588a)129396184</subfield>
      <subfield code="9">v:zg</subfield>
    </datafield>
    <datafield tag="040" ind1=" " ind2=" ">
      <subfield code="a">DE-7</subfield>
      <subfield code="c">DE-7</subfield>
      <subfield code="9">r:DE-601</subfield>
      <subfield code="b">ger</subfield>
      <subfield code="d">0012</subfield>
    </datafield>
    <datafield tag="042" ind1=" " ind2=" ">
      <subfield code="a">gnd1</subfield>
    </datafield>
    <datafield tag="075" ind1=" " ind2=" ">
      <subfield code="b">p</subfield>
      <subfield code="2">gndgen</subfield>
    </datafield>
    <datafield tag="075" ind1=" " ind2=" ">
      <subfield code="b">piz</subfield>
      <subfield code="2">gndspec</subfield>
    </datafield>
    <datafield tag="079" ind1=" " ind2=" ">
      <subfield code="a">g</subfield>
      <subfield code="q">a</subfield>
      <subfield code="q">f</subfield>
    </datafield>
    <datafield tag="100" ind1="1" ind2=" ">
      <subfield code="a">Corswant, Peter</subfield>
    </datafield>
    <datafield tag="400" ind1="1" ind2=" ">
      <subfield code="a">Corschwant, Peter</subfield>
      <subfield code="9">v:WBIS Index</subfield>
    </datafield>
    <datafield tag="400" ind1="1" ind2=" ">
      <subfield code="a">Corswant, Petrus</subfield>
    </datafield>
    <datafield tag="400" ind1="1" ind2=" ">
      <subfield code="a">Corsvant, Peter</subfield>
    </datafield>
    <datafield tag="400" ind1="1" ind2=" ">
      <subfield code="a">Corsvant, Petrus</subfield>
    </datafield>
    <datafield tag="400" ind1="1" ind2=" ">
      <subfield code="a">Corsuant, Peter</subfield>
    </datafield>
    <datafield tag="400" ind1="1" ind2=" ">
      <subfield code="a">Corsuant, Petrus</subfield>
    </datafield>
    <datafield tag="548" ind1=" " ind2=" ">
      <subfield code="a">1671</subfield>
      <subfield code="4">datw</subfield>
      <subfield code="4">https://d-nb.info/standards/elementset/gnd#periodOfActivity</subfield>
      <subfield code="w">r</subfield>
      <subfield code="i">Wirkungsdaten</subfield>
    </datafield>
    <datafield tag="550" ind1=" " ind2=" ">
      <subfield code="0">(DE-101)040290506</subfield>
      <subfield code="0">(DE-588)4029050-5</subfield>
      <subfield code="0">https://d-nb.info/gnd/4029050-5</subfield>
      <subfield code="a">Jurist</subfield>
      <subfield code="4">berc</subfield>
      <subfield code="4">https://d-nb.info/standards/elementset/gnd#professionOrOccupation</subfield>
      <subfield code="w">r</subfield>
      <subfield code="i">Charakteristischer Beruf</subfield>
    </datafield>
    <datafield tag="551" ind1=" " ind2=" ">
      <subfield code="0">(DE-101)040219658</subfield>
      <subfield code="0">(DE-588)4021965-3</subfield>
      <subfield code="0">https://d-nb.info/gnd/4021965-3</subfield>
      <subfield code="a">Greifswald</subfield>
      <subfield code="4">ortg</subfield>
      <subfield code="4">https://d-nb.info/standards/elementset/gnd#placeOfBirth</subfield>
      <subfield code="w">r</subfield>
      <subfield code="i">Geburtsort</subfield>
    </datafield>
    <datafield tag="551" ind1=" " ind2=" ">
      <subfield code="0">(DE-101)040364836</subfield>
      <subfield code="0">(DE-588)4036483-5</subfield>
      <subfield code="0">https://d-nb.info/gnd/4036483-5</subfield>
      <subfield code="a">Lübeck</subfield>
      <subfield code="4">ortw</subfield>
      <subfield code="4">https://d-nb.info/standards/elementset/gnd#placeOfActivity</subfield>
      <subfield code="w">r</subfield>
      <subfield code="i">Wirkungsort</subfield>
    </datafield>
    <datafield tag="667" ind1=" " ind2=" ">
      <subfield code="a">VD-17</subfield>
    </datafield>
    <datafield tag="670" ind1=" " ind2=" ">
      <subfield code="a">DbA I 202,422-423</subfield>
    </datafield>
    <datafield tag="672" ind1=" " ind2="0">
      <subfield code="a">Gerdes, Friedrich: Disputatio Inauguralis De Monopoliis Quam ... Praeside ... Dn. Friderico Gerdesio ... Publico Eruditorum examini submittis Petrus Corsuant, Gryphisw. Pomer. Ad diem 18.Iulii Parti natalem in Auditorio maiori a hora 7. matutina. - 1671</subfield>
    </datafield>
    <datafield tag="678" ind1=" " ind2=" ">
      <subfield code="b">Dt. Jurist, Dr. beider Rechte; 1671 Respondent in Greifswald; wirkte lt. DbA danach in Lübeck</subfield>
    </datafield>
    <datafield tag="913" ind1=" " ind2=" ">
      <subfield code="S">pnd</subfield>
      <subfield code="i">a</subfield>
      <subfield code="a">Corswant, Peter</subfield>
      <subfield code="0">(DE-588a)129396184</subfield>
    </datafield>
  </record>
